@book{AM,
	title = {可換代数入門},
	author = {Michael F. Atiyah and Ian G. MacDonald},
	year = {2006},
	publisher = {共立出版},
	note = {新妻弘（翻訳）}
}
